@inproceedings{Wang:2015,
 author = {Wang, Tianzheng and Johnson, Ryan and Fekete, Alan and Pandis, Ippokratis},
 title = {The Serial Safety Net: Efficient Concurrency Control on Modern Hardware},
 booktitle = {Proceedings of the 11th International Workshop on Data Management on New Hardware},
 series = {DaMoN'15},
 year = {2015},
 isbn = {978-1-4503-3638-3},
 location = {Melbourne, VIC, Australia},
 pages = {8:1--8:8},
 articleno = {8},
 numpages = {8},
 url = {http://doi.acm.org/10.1145/2771937.2771949},
 doi = {10.1145/2771937.2771949},
 acmid = {2771949},
 publisher = {ACM},
 address = {New York, NY, USA},
}

@techreport{Berenson:1995,
	author = {Berenson, Hal and Bernstein, Phil and Gray, Jim and Melton, Jim and O'Neil, Elizabeth and O'Neil, Patrick},
	title = {A Critique of ANSI SQL Isolation Levels},
	booktitle = {},
	year = {1995},
	month = {June},
	publisher = {Association for Computing Machinery, Inc.},
	url = {https://www.microsoft.com/en-us/research/publication/a-critique-of-ansi-sql-isolation-levels/},
}

@article{WangJFP16,
	author    = {Tianzheng Wang and
	Ryan Johnson and
	Alan Fekete and
	Ippokratis Pandis},
	title     = {Efficiently making (almost) any concurrency control mechanism serializable},
	journal   = {CoRR},
	volume    = {abs/1605.04292},
	year      = {2016},
	url       = {http://arxiv.org/abs/1605.04292},
	archivePrefix = {arXiv},
	eprint    = {1605.04292},
	timestamp = {Sat, 30 Dec 2017 11:46:44 +0100},
	biburl    = {http://dblp.org/rec/bib/journals/corr/WangJFP16},
	bibsource = {dblp computer science bibliography, http://dblp.org}
}
